1967 3267
437 253 485 339 ab

110 432 311 495 Dimiserunt
339 448 415 511 ergo
445 430 620 493 Rebeccam
641 442 676 492 et
697 430 850 495 nutricem

63 534 166 619 illius,
181 550 341 621 precantes¹
352 538 381 599 ei
397 540 503 601 omnia
515 558 674 623 prospera.

305 764 464 835 Marriage
472 766 512 834 vs
518 765 611 821 Isaac.

93 906 242 978 ,Isaacus
257 906 338 969 sorte
354 922 427 973 tunc
442 906 662 971 deambulabat
676 929 760 984 rure,
770 885 853 969 iidit

66 1013 207 1077 camelos
220 1014 390 1083 venientes.
413 1012 514 1077 Simul
525 1014 667 1077 Rebecca
677 1014 854 1097 conspicata

69 1122 179 1183 virum
199 1122 462 1200 deambulantem,
483 1122 611 1183 desiluit
632 1119 650 1181 ὲ
671 1122 802 1196 camelo,
822 1126 855 1181 ct

70 1228 278 1311 interrogavit
294 1215 484 1307 Eliezerem‚
500 1228 571 1310 quis
585 1241 634 1291 est
648 1228 700 1290 ille
714 1226 786 1289 vir?

79 1416 80 1419 Ἴ
108 1334 245 1418 ηΕΙίε-Ζετ
264 1336 443 1418 respondit:
472 1337 544 1423 ipse
565 1350 614 1401 est
636 1338 730 1399 herus
751 1355 851 1397 meus.

73 1442 134 1521 llla
148 1444 255 1519 statim
270 1446 393 1535 operuit
407 1466 440 1507 se
456 1447 563 1529 pallio.

63 1576 65 1582 s
116 1551 245 1614 Eliezer
256 1552 393 1615 narravit
410 1554 519 1615 Isaaco
529 1549 636 1615 omnia
645 1573 714 1633 quae
727 1550 852 1614 fecerat.

77 1642 83 1649 ⁶
117 1640 243 1719 Isaacus
259 1658 434 1741 introduxit
446 1656 621 1720 Rebeccam
633 1658 665 1717 in
676 1656 856 1718 tabemacu·

72 1764 140 1827 lum
155 1765 263 1827 matris
278 1786 353 1842 suae,
365 1748 396 1825 et
406 1765 520 1827 lenitus
532 1779 580 1827 est
594 1764 685 1827 dolor
700 1785 794 1848 quem
806 1785 857 1827 ca·

74 1870 179 1954 piebat
193 1894 234 1933 ex
248 1862 349 1933 morie
365 1873 484 1933 matris.
585 1904 592 1911 ·

181 2116 275 2189 ,Esau
289 2123 354 2177 aella
367 2084 409 2175 bic
425 2120 592 2191 birth-right
606 2132 635 2174 to
646 2121 745 2178 Jacob.

120 2263 263 2325 Rebecca
272 2264 372 2325 edidit
382 2284 443 2325 uno
453 2265 631 2346 partuduos
641 2264 861 2339 fili0s‚Esabm

79 2383 110 2431 et
119 2368 142 2431 J
144 2371 285 2431 acobum.
309 2368 375 2443 Qui
387 2370 473 2452 prior
484 2372 587 2434 editus
599 2387 647 2435 est
657 2372 774 2455 pilosus
785 2383 861 2446 erat,
897 2377 900 2389 '

81 2478 160 2545 alter„
177 2477 253 2539 verb
272 2477 372 2539 lenis:
397 2478 449 2539 ille
470 2476 532 2539 suit
557 2493 686 2539 venator
706 2480 862 2554 strenuus,

80 2584 130 2646 hic
144 2570 249 2643 autem
263 2582 406 2665 p'lacidus
422 2596 453 2643 et
467 2582 603 2665 simplex
618 2585 769 2645 moribus.
865 2621 869 2631 «

121 2690 269 2765 Quidam
285 2688 337 2751 die
350 2710 448 2773 quum
454 2730 459 2743 v·
465 2691 605 2770 Jacobus
616 2691 675 2751 sibi
691 2690 864 2771 paravisset

83 2797 276 2883 pulmentum
287 2816 328 2859 ex
341 2795 489 2874 lentibus,
500 2796 588 2861 venit
600 2796 703 2857 Esaiis
712 2794 815 2859 fessus
824 2796 865 2857 de
