1967 3267
518 301 566 369 2⁶

198 457 281 521 Dein
302 457 435 521 deduxit
455 475 528 521 eum
550 460 694 539 domum,
714 460 807 543 eique
827 461 943 531 cibum

109 584 111 591 ·
154 556 336 649 apposuit.''

390 724 519 789 Rebecca
534 737 690 791 betrothed.
778 798 781 803 ,

195 858 353 929 Continui>
371 867 501 929 Eliezer
514 869 661 951 exposuit
674 844 854 952 parentibus
871 867 936 929 Re·

149 972 249 1041 beccae
263 997 390 1039 causam
403 977 523 1041 itineris
538 979 684 1063 suscepti,
695 978 884 1063 rogavitque
898 993 936 1039 ut

148 1098 319 1145 annuerent
333 1084 535 1167 postulationi
551 1106 624 1147 suae.

189 1186 254 1261 Qui
271 1190 520 1271 responderuntz-
542 1190 586 1251 ita
600 1189 744 1253 voluntas
761 1188 823 1251 Dei
844 1188 931 1261 fert}
974 1191 976 1240 l

11 1322 12 1331 ¹
85 1324 87 1329 ·
144 1316 201 1357 nec
217 1318 384 1377 possumus
402 1296 472 1359 Deo
487 1297 650 1359 obsistere.
695 1297 745 1359 En
761 1296 908 1359 Rebecca
919 1319 931 1369 3

142 1400 358 1485 proficiscatur
372 1416 489 1480 tecum,
505 1416 640 1487 nuptura
655 1402 775 1467 Isaaco.

184 1508 272 1573 Tum
289 1511 420 1573 Eliezer
434 1488 608 1595 depronrsit
622 1533 699 1575 vasa
719 1532 815 1577 aurea
829 1524 863 1573 et
877 1532 929 1573 ar-

143 1629 265 1697 gentea,
280 1632 445 1697 vestesque
471 1617 634 1705 pretiosas,
649 1638 726 1700 quas
752 1616 841 1679 dedit
864 1616 929 1680 Re·
973 1703 974 1706 Ἴ

144 1724 269 1793 beccae3
291 1722 405 1809 obtulit
424 1721 521 1783 etiam
543 1744 673 1785 munera
687 1724 779 1788 matri
800 1722 872 1808 ejus
896 1734 938 1787 et'
973 1737 974 1744 ’

142 1828 244 1909 fratri,
258 1844 290 1893 et
304 1826 441 1913 inierunt
455 1828 646 1891 convivium.

314 2014 372 2071 Tlre
384 2019 544 2086 departure
557 2017 595 2087 os
600 2018 744 2075 Rebecca.
972 2003 975 2091 l

177 2157 334 2221 Postridie
353 2158 481 2223 Eliezer
498 2181 630 2244 surgens
646 2159 751 2239 mane,
765 2159 849 2223 dixit
864 2180 924 2244 par

132 2270 271 2332 rentibus
287 2269 451 2332 Rebecca:
467 2269 561 2331 herus
573 2238 723 2332 meisme
733 2270 920 2353 exspectatc
972 2327 973 2334 ,

130 2376 282 2439 dimittite
298 2396 360 2454 rne,
375 2390 410 2438 ut
425 2378 552 2439 redeam
567 2378 609 2441 ad
623 2378 724 2440 illum.

178 2483 245 2557 Qui
267 2484 691 2567 responderuntz-vocemus
711 2483 860 2568 puellam,
889 2497 924 2547 et

127 2606 347 2672 percontemur
362 2590 430 2673 ejus
446 2591 642 2652 sententiam.
910 2577 913 2581 ¹
972 2573 974 2580 Ι

171 2694 282 2768 Quum
304 2696 449 2759 Rebecca
462 2696 610 2773 venisset,
625 2696 774 2759 sciscitati
788 2709 863 2757 sunt
878 2717 922 2759 an
970 2661 973 2744 l

127 2800 222 2863 vellet
244 2802 406 2866 discedere
427 2823 501 2869 cum
522 2803 676 2873 homine}
694 2803 791 2884 Volo,
811 2802 923 2885 inquit

129 2904 194 2965 illa.
