1967 3267
10 2489 15 2577 i

74 1330 86 1363 Ι

496 306 566 373 130
665 402 668 410 1

135 484 263 556 accepta
281 492 364 535 nunc
384 483 514 554 propter
531 468 638 531 Deum
653 478 837 545 contemno,
851 463 926 547 quia

134 600 227 665 spero
246 579 313 643 fore
330 594 364 641 ut
378 601 416 641 ea
430 600 627 663 recuperem.

179 689 249 751 Rex
259 688 352 775 etalii
363 688 602 751 circumstantes
612 681 924 746 admirabanturaoiss

133 818 223 861 mum
249 795 469 875 adolescentis,
491 794 547 878 qui
569 792 813 856 acerbissimum
837 792 923 857 dolo·

133 926 202 969 rem
217 928 275 992 pro
290 906 389 969 nihilo
404 904 549 971 ducebat.
583 982 585 986 ι

159 1018 162 1023 ’
177 1016 249 1096 Hoc
264 1014 414 1095 extincto,
426 1028 557 1097 quartus
571 1010 686 1073 eodem
698 1007 859 1093 supplicio
873 1013 923 1069 ne·

133 1138 302 1189 natusest:
325 1146 425 1207 quum
441 1124 512 1207 jam
533 1120 628 1183 morti
649 1133 733 1183 esset
746 1117 923 1202 proximus,

133 1232 234 1297 dixit:
257 1230 348 1293 nobis
363 1228 500 1313 optabile
515 1242 563 1290 est
576 1225 662 1291 letho
677 1223 759 1301 dari,
774 1222 924 1308 quoniam

132 1354 270 1401 mortem
285 1346 343 1419 pro
358 1335 465 1398 diviua
478 1334 549 1415 lege
570 1331 746 1416 oppetitam
759 1316 921 1395 immorta-

129 1444 203 1511 litas
218 1456 439 1525 consequetur.
540 1430 547 1450 '

103 1586 105 1593 ¹
177 1552 290 1627 Quum
303 1551 432 1633 quintus
456 1548 474 1610 i
494 1533 692 1612 carnificibus
710 1557 926 1628 torqueretur,

133 1658 179 1721 sic
193 1660 318 1721 locutus
330 1672 392 1719 est:
409 1654 560 1732 abuteris,
574 1644 593 1715 ὃ
605 1674 674 1732 rex,
683 1665 841 1737 potestate
852 1654 924 1714 tui:

132 1765 254 1829 scilicet
268 1778 360 1849 putas
381 1784 441 1825 nos
465 1761 595 1825 omnino
619 1760 788 1823 derelictos
815 1756 927 1821 esset

133 1872 217 1951 Deo,
242 1886 274 1934 et
296 1870 383 1933 omni
406 1891 466 1953 ope
489 1870 670 1948 destitutos,-
690 1883 785 1950 atque
801 1864 925 1930 idcirco

49 2030 53 2041 .
132 1978 306 2041 innumeris
322 1977 414 2041 malis
430 1999 487 2041 nos
502 1979 667 2063 opprimis,
682 1978 739 2040 sed
755 1982 844 2040 mox'
856 1976 926 2060 ipse

131 2086 246 2150 divinae
262 2087 407 2171 potentiae
422 2086 489 2149 vim
503 2099 691 2171 experturus
706 2105 763 2148 esu

176 2192 251 2255 Pari
265 2194 439 2256 coustantii
454 2208 562 2257 sextus
577 2178 710 2260 verbera
723 2206 756 2255 et
765 2204 928 2254 tormenta

129 2301 271 2386 pertulit,
294 2301 409 2385 quibus
432 2300 513 2384 pene
544 2300 708 2363 confectus
737 2287 849 2382 regem
881 2298 927 2362 sic

131 2410 352 2494 compellavit:
365 2409 434 2473 *noli
449 2431 566 2489 errare,
581 2425 612 2494 et
623 2410 714 2473 malis
725 2409 842 2471 nostris
855 2408 927 2494 glo·

130 2518 230 2583 tiaris
251 2539 309 2580 nos
329 2532 458 2602 propter
478 2532 606 2601 peccata
625 2533 733 2581 nostra
753 2519 819 2579 haec
839 2518 927 2600 pati·

127 2614 215 2704 mur,
230 2640 262 2687 at
282 2624 371 2689 brevi
393 2646 466 2687 cum
493 2626 564 2687 Deo
589 2626 620 2687 in
645 2623 779 2711 gratiam
802 2623 928 2685 redibi-

131 2753 223 2813 musg
246 2750 281 2797 tu
296 2734 374 2797 vero
397 2734 550 2819 superbia
564 2750 596 2799 et
610 2736 805 2804 crudelitatis
828 2735 928 2799 istius

130 2829 232 2919 petras
247 2842 337 2905 dabis
352 2843 567 2926 gravissimas.
