1967 3267
121 370 175 444 Ex
189 386 310 463 septem
324 376 474 441 fratribus
495 398 588 441 unus.
597 378 722 443 tantdm
737 398 865 467 supere·
918 366 921 374 ¹

74 499 136 567 rat,
151 500 227 549 natu
242 486 401 549 minimus.
450 472 753 561 QucmAntiochus
774 490 867 574 coepit

75 595 197 659 illicere
212 607 248 657 ut
261 596 366 683 legem
380 577 552 672 desereret,
563 596 719 660 affirmans
731 618 806 659 eum
816 598 866 659 di·

73 705 178 769 uitem
198 704 268 767 fore
292 718 324 767 et
347 705 497 777 beatum3
520 705 578 767 sed
600 704 783 786 adolescens
806 726 865 769 nec

72 810 172 875 minis
187 811 384 887 movebatur,
402 832 459 875 nec
475 811 653 895 promissis

120 918 233 994 Quarti
263 934 396 987 matrem
420 941 478 983 rex
502 920 645 983 hortatus
668 934 718 985 est
739 935 776 988 ut
799 887 865 985 filio

44 1024 45 1029 ’
71 1024 246 1093 suaderet
238 1041 391 1110 imperata
404 1016 518 1099 facere.
559 1027 630 1106 Illa,
644 1007 779 1091 irridens
794 1048 865 1090 cru·

70 1124 182 1203 delam
196 1152 377 1221 tyrannum,
388 1137 440 1201 sic.
449 1118 551 1199 filium
566 1137 702 1199 allocuta
713 1152 761 1199 est
773 1160 782 1199 r
804 1138 864 1201 mi·

71 1257 191 1324 serere,
207 1246 252 1315 fili
267 1246 323 1325 mi,
338 1246 489 1308 miserere
510 1245 621 1309 matris
641 1258 721 1308 tuae:
743 1268 813 1328 quae
833 1260 864 1308 te

71 1366 168 1415 utero
183 1352 316 1435 gestavi,
331 1375 401 1433 qnae
420 1368 450 1417 te
472 1367 582 1416 natum
596 1353 678 1417 lacte
692 1354 777 1417 alui:
799 1353 865 1416 noli

74 1462 96 1531 ὲ
121 1462 261 1527 fraterna
283 1462 400 1533 virtute
425 1462 639 1555 degenerare.
662 1462 726 1523 noli
752 1462 866 1525 timere

70 1554 280 1637 carnificem
272 1568 381 1631 istum.
415 1556 523 1631 Deum
536 1589 636 1632 unum
651 1568 741 1647 time,
757 1568 865 1634 Deum

71 1676 236 1759 intuere,
225 1700 243 1739 a
257 1700 332 1761 quo
336 1678 517 1742 mercedem
532 1676 675 1759 recipies

119 1786 181 1847 His
204 1784 310 1849 verbis
331 1785 536 1847 confirmatus
557 1784 740 1845 adolescens
761 1784 865 1847 excla-

72 1892 197 1956 mavit.
225 1912 289 1953 non
315 1890 383 1973 regi
410 1890 580 1972 obsequor,
604 1887 661 1951 sed
685 1888 770 1973 legi.
792 1890 865 1953 tdm

72 1998 245 2065 conuersus
261 1998 302 2061 ad
318 1988 538 2059 Antiochum:
555 2011 590 2059 tu
606 1975 748 2079 quidem,
765 1998 866 2059 dece·

71 2107 164 2185 leste,
186 2086 249 2169 Dei
271 2102 496 2187 omnipotentis
518 2103 598 2165 iram
618 2124 682 2165 non
708 2102 839 2187 effugies
851 2124 863 2176 ς

72 2214 137 2295 crit¹
149 2227 274 2298 tempus
291 2232 390 2295 quum
405 2211 444 2274 ab
460 2231 500 2273 eo
514 2231 681 2294 percussus
702 2224 734 2271 et
754 2210 865 2273 dolore

72 2322 178 2387 victus
202 2336 233 2383 te
248 2319 417 2399 ⁴hominem
439 2339 508 2382 esse
535 2316 742 2379 confiteberis.
789 2312 865 2380 Nisi

71 2452 154 2517 gens
168 2444 277 2493 nostra
297 2428 330 2491 in
352 2428 458 2492 Deum
481 2426 686 2512 peccavisset,
701 2424 864 2507 nunquam

67 2540 109 2603 ‘in
124 2538 181 2601 has
195 2537 340 2601 miserias
364 2536 607 2600 incidissemus:
631 2534 689 2596 sed
704 2554 782 2595 mox
798 2533 863 2595 De·

72 2668 126 2727 us,
139 2664 212 2709 meo
227 2643 424 2727 fratrumque
439 2660 585 2705 meorum
599 2640 750 2731 sanguine
762 2636 865 2723 placa·

73 2766 138 2835 rus,
155 2750 241 2838 genti
254 2740 369 2817 nostrae
383 2746 650 2829 reconciliabitur,
664 2758 696 2810 et
715 2764 773 2809 nos
793 2758 866 2830 poet
