1967 3267
484 261 553 332 122
584 282 601 305 ··

167 426 464 491 Nabuchodonosor
472 424 613 510 jusserat
628 445 694 502 eos,
706 425 771 508 qub
781 423 924 490 meliore

120 534 213 602 vultu
227 548 344 612 essent,
356 532 470 597 iisdem
486 533 565 596 cibis
577 532 619 595 ali
634 532 750 616 quibus
762 513 831 616 ipsd
845 555 923 598 vcs-

121 649 273 720 cebatur;
286 661 319 709 at
333 644 479 729 generosi
495 645 541 708 illi
555 635 659 729 pueri,
667 643 745 707 cibis
761 645 921 727 profanis,

119 754 196 839 quia
218 753 253 817 id
266 754 320 816 lex
345 754 483 831 vetabat,
502 751 550 816 uti
565 753 745 828 noluerunt,
758 753 818 814 sed
840 752 922 817 solis

117 861 352 945 leguminibus:
375 858 514 933 attauien
534 859 730 923 robustiores
751 881 789 924 ac
809 860 919 924 niten-

116 969 214 1032 tiores
226 968 301 1033 facti
312 984 387 1033 sunt
397 969 517 1033 catoris
527 968 635 1054 pueris
647 968 844 1051 quibuscum
856 992 917 1035 nu·

117 1075 305 1139 triebantur.

219 1292 279 1351 Tre
291 1295 370 1347 three
383 1308 483 1363 young
496 1308 561 1346 men
574 1294 607 1347 in
621 1294 669 1345 the
672 1291 814 1361 furnace.

160 1456 460 1521 Nabuchodonosor
474 1454 535 1519 sibi
546 1453 657 1539 posuit
669 1470 808 1519 statuam
819 1476 913 1520 sure-

116 1588 181 1647 am,
196 1588 293 1651 quam
308 1566 347 1629 ab
363 1565 510 1629 omuibus
521 1564 620 1649 jussit
643 1564 782 1643 adorari,
796 1586 915 1651 propo·
975 1555 977 1623 i

8 1744 10 1753 ,
116 1676 177 1738 sita
191 1673 302 1739 mortis
318 1674 406 1756 poni
421 1671 459 1737 iis
475 1670 532 1753 qui
546 1693 657 1755 parere
670 1670 802 1735 nollent.
974 1633 976 1711 i

159 1778 314 1855 Ananias,
331 1775 453 1839 Misasl
468 1791 501 1838 et
522 1775 664 1841 Azarias
685 1777 768 1841 mori
791 1778 916 1844 malue-
972 1825 974 1862 t

114 1899 189 1951 runt
197 1906 295 1971 quam
303 1885 468 1964 honorem,
479 1885 541 1948 soli
554 1887 626 1951 Deo
636 1873 792 1969 debitunt,
802 1902 916 1951 statuae
971 1865 974 1975 i

119 1986 257 2056 deferre·
970 2015 972 2062 ι

158 2098 262 2162 Iratus
283 2117 342 2160 rex
362 2117 417 2160 eos
431 2097 565 2160 vestitos
586 2112 619 2163 et
639 2099 757 2163 catenis
783 2100 914 2164 vinctos
969 2129 971 2152 ι

114 2202 252 2291 conjecit
266 2204 299 2269 in
319 2204 483 2278 fornacem
503 2206 680 2284 ardentem,
701 2208 760 2271 sed
777 2209 915 2275 flamma
968 2185 970 2240 i

113 2312 194 2378 nihil
215 2310 278 2374 illis
298 2311 429 2384 nocuit:
454 2330 514 2373 nec
536 2332 651 2397 corpus
673 2312 799 2377 adussit
812 2314 914 2397 ignis,
966 2302 969 2417 ί

113 2442 171 2485 nec
185 2434 290 2484 vestes
305 2420 436 2503 quidem
446 2420 594 2512 mutavit,
608 2437 641 2484 at
655 2421 752 2487 solvit
763 2436 914 2487 tantum·

112 2527 212 2591 modd
224 2526 350 2590 vincula
365 2526 479 2609 quibus
495 2525 800 2613 constringebantur,
811 2530 860 2595 ita
876 2548 916 2608 ut

38 2718 40 2725 y
98 2633 210 2759 illaesi
217 2636 251 2699 in
266 2632 370 2702 medii
384 2632 512 2713 fornace
527 2636 735 2701 ambularent.
