1967 3267
441 284 488 357 37

177 498 182 505 ·
286 476 435 545 Potiphnr
448 478 520 549 haya
534 477 651 552 foresta.

86 686 88 693 Α
115 600 269 685 Putiphar
285 600 450 687 AEgyptius
462 603 541 665 emit
555 602 728 689 Josephurn
746 612 858 668 amet·

68 710 240 776 catoribus.
365 708 368 713 '

116 816 204 880 Deus
218 831 323 880 autern
336 812 415 880 favit
429 814 592 901 Putiphari
604 820 698 882 causi
709 818 858 902 Josephi':

63 923 177 985 omnia
191 924 220 985 ei
237 922 386 1007 prospere
403 922 624 1015 succedebant.

116 1011 334 1103 Quambbrern
352 1029 510 1113 Josepbus
525 1030 659 1115 benigne
674 1030 799 1095 habitus
813 1039 862 1094 est

68 1136 111 1204 ab
126 1135 215 1212 hero,
231 1136 286 1221 qui
301 1134 443 1219 praefecit
457 1158 531 1198 eum
546 1137 657 1199 domni
672 1159 746 1201 auae.

113 1240 270 1325 Josephus
286 1262 362 1324 ergo
383 1240 621 1304 administrabat
635 1264 703 1304 rem
726 1242 861 1306 familia·

66 1369 138 1413 rem
152 1347 348 1431 Putipharis3
365 1328 473 1411 omnia
483 1349 596 1411 fiebant
606 1350 646 1412 ad
657 1366 769 1412 nutum
780 1346 862 1434 ejris',

67 1475 128 1519 nee
145 1442 298 1537 Putiphar
311 1454 406 1517 ullius
421 1456 541 1537 negotii
558 1477 666 1518 curam
681 1458 818 1539 gerebat.

91 1662 194 1731 Joeelsh
209 1662 236 1716 ie
251 1662 377 1717 acrueed
389 1658 424 1731 by
439 1662 484 1717 tlte
497 1659 567 1729 nist:
580 1662 618 1731 os
622 1660 777 1732 Feriatur,
786 1665 847 1719 and
877 1652 879 1657 ’

336 1772 398 1817 caet
410 1764 596 1829 interimere.
675 1810 680 1818 ,
884 1771 887 1774 “

114 1906 270 1991 Josephus
287 1918 353 1967 erat
361 1874 481 1988 insigni
492 1919 525 1975 et
539 1904 669 1987 pulchra
683 1902 763 1966 faeie
777 1927 785 1965 ι
803 1924 862 1969 ux-

68 2037 107 2077 or
123 2012 302 2097 Putipharis
315 2034 389 2075 eurn
403 2010 581 2095 pelliciebat
596 2013 637 2076 ad
649 2013 815 2095 flagitium.
848 2006 853 2015 ¹

113 2120 270 2206 Josephus
285 2133 391 2183 autem
406 2119 532 2183 nolebat
550 2120 694 2182 assentiri
710 2119 861 2203 improba

69 2218 207 2295 mulieri·

109 2334 260 2409 ,Quadam
270 2334 322 2397 die
333 2334 447 2397 mulier
456 2334 664 2417 apprehendit
674 2356 763 2397 oram
773 2334 862 2419 pallii

69 2436 138 2527 ejus
149 2463 159 2514 ;
176 2455 208 2503 at
220 2434 377 2525 Jo'sephus
389 2440 518 2523 reliquit
527 2440 657 2524 pallium
670 2439 859 2504 inmanibus

68 2554 151 2643 ejus,
166 2567 199 2616 et
211 2552 304 2640 fugit.
569 2633 576 2639 ¹

92 2670 95 2677 '
106 2660 231 2725 Mulier
240 2660 318 2729 irata
327 2658 508 2726 inclamavit
516 2672 675 2734 servos‚et
685 2653 860 2739 Josephum

69 2769 232 2833 accusavit
247 2768 331 2852 apud
352 2767 469 2845 virum,
490 2765 546 2848 qui
561 2764 698 2827 aimiirm
714 2762 861 2873 credulas

70 2876 204 2959 conjecit
220 2873 396 2959 Josephum
410 2872 443 2936 in
458 2890 628 2936 carcerem.

476 2974 498 3011 1>
