1967 3267
462 260 507 335 18

95 421 216 483 Cainus
225 418 402 505 respondit:
418 416 547 491 uesci03
562 437 640 483 uum
653 432 793 503 egosum
803 420 896 481 eust·

95 543 144 591 tos
159 526 263 591 fratris
277 524 364 589 mei?

317 710 513 767 Punisiment
524 711 563 782 qs
578 710 661 767 Cain.

140 854 228 919 Deus
252 854 336 919 dixit
361 854 483 919 Caino:
512 854 624 934 Caine,
648 852 727 937 quid
747 848 886 915 fecisti?

97 962 229 1046 Sanguis
244 962 350 1027 fratris
365 962 423 1039 tui,
444 982 541 1045 quem
561 964 629 1046 ipse
650 960 760 1025 fudisti
781 980 883 1024 manu

94 1071 340 1150 tui‚clamatad
354 1092 416 1135 me.
595 1068 601 1080 '

139 1178 257 1243 Infesta
270 1178 327 1242 tibi
341 1178 402 1241 erit
415 1191 510 1255 terra,
521 1198 590 1259 quae
602 1176 681 1240 bibit
691 1170 883 1260 sanguinem

97 1284 227 1347 Abelis:
244 1306 343 1367 quum
357 1285 492 1347 colueris
507 1305 578 1347 eam
592 1284 686 1367 longo
697 1299 729 1347 et
740 1284 820 1347 duro
830 1282 881 1345 la·

95 1392 182 1471 bore,
195 1392 297 1455 nullos
311 1392 391 1456 feret
403 1391 544 1456 fruente:
567 1390 629 1455 eris
641 1413 740 1476 vagus
753 1391 788 1454 iu
800 1390 892 1482 orbe

94 1511 262 1563 terrarum.

140 1604 261 1668 Ceinus
275 1604 443 1689 desperans
458 1605 584 1675 veniam
599 1587 695 1705 fugit.

286 1789 485 1845 Construction
500 1790 537 1863 os
550 1796 597 1848 the
609 1792 681 1848 Art.

137 1930 310 2015 Postquim
322 1954 470 1997 uumerus
480 1934 645 1999 hominum
654 1936 764 2015 crevit,
772 1937 882 2000 omnia

96 2035 173 2098 vitia
184 2036 356 2101 invaluere.
391 2036 501 2113 Quare
516 2042 652 2104 offensus
667 2042 757 2105 Deus
771 2042 883 2106 statuit

93 2146 227 2229 perdere
242 2146 407 2212 homiuum
422 2165 521 2233 genus
536 2150 669 2215 diluvio.

139 2250 291 2315 Attamen
312 2257 451 2338 pepercit
474 2256 604 2320 Noiimo
625 2272 657 2321 et
676 2256 782 2321 liberis
797 2256 881 2343 ejus)

95 2360 170 2443 quia
185 2361 327 2427 colebant
340 2364 500 2427 virtutem.

31 2475 33 2480 ’
138 2469 285 2543 Νοὲιημε
297 2472 476 2536 admonitus
489 2470 507 2535 t
519 2474 590 2538 Deo
599 2476 756 2540 exstruxit
770 2458 879 2559 ingenss

92 2592 157 2640 tem
169 2602 274 2644 arcam
285 2582 318 2644 in
333 2584 463 2646 modum
475 2584 585 2658 navis3
600 2585 703 2651 linivit
714 2608 785 2649 eam
795 2586 879 2649 bitu-

95 2685 190 2763 mine,
205 2703 236 2752 et
257 2690 291 2751 in
311 2674 382 2751 earu
403 2670 529 2755 iiduxit'
548 2713 719 2777 perunum
733 2683 880 2762 bmnium

85 2789 201 2855 :avium
216 2808 248 2867 et
262 2795 476 2876 animantium
