1967 3267
519 281 566 357 96

223 506 458 563 δοὶοηιοηύαἰὶᾱε
471 509 520 561 tlte
533 508 635 573 temple
647 506 685 575 of
697 504 882 574 Jerusalem,

444 605 481 665 A.
496 606 542 662 M.
558 610 645 662 3000.

193 748 344 813 Salomon
352 749 773 835 templumimmensioperis
785 750 936 814 Hieroso·
968 697 970 738 Ι

151 858 243 939 ly'mae
257 857 442 921 aedifioavit':
467 857 575 920 omnia
593 878 683 934 auro,
702 871 840 944 argento
856 880 935 942 gem·

152 949 275 1046 misqoe
291 964 323 1027 in
340 986 378 1029 eo
392 964 566 1051 fulgebant·
604 966 643 1028 In
656 964 718 1027 hoe
732 965 857 1049 templo
870 986 936 1027 area

149 1070 276 1134 foederis
291 1072 443 1139 collocata
457 1078 516 1137 est.

193 1177 302 1242 Vicini
324 1200 414 1264 reges
435 1180 476 1241 ob
498 1192 617 1241 tantam
639 1178 800 1261 sapientiae
819 1176 933 1243 famam
968 1193 970 1248 j

150 1307 225 1348 eum
239 1286 405 1349 Salomone
425 1285 600 1349 amicitiam
614 1286 802 1370 junxerunt,
823 1286 932 1350 foedos·
968 1261 970 1352 l

86 1402 88 1407 '
150 1413 212 1475 que
228 1388 381 1457 fecerunt.

192 1496 316 1583 Regina
339 1498 427 1561 Sabas
448 1497 519 1583 ejus
542 1499 675 1562 visendi
691 1499 807 1582 cupida
823 1498 934 1561 finibus

148 1606 239 1691 regni
254 1604 303 1669 sui
319 1606 467 1684 excessit,
481 1605 631 1688 venitque
647 1606 919 1689 Hierosolymam.
968 1661 970 1666 .

192 1710 359 1795 Regnabat
373 1710 523 1775 Salomon
537 1712 571 1776 in
585 1715 710 1778 summi
723 1736 814 1797 pace,
824 1714 934 1798 opibus
968 1775 970 1780 .

142 1814 181 1885 'et
194 1816 318 1889 deliciis
333 1818 476 1881 affluens.

197 2026 338 2100 Solonion,
351 2030 382 2085 in
395 2031 441 2083 laio
452 2031 497 2085 old
508 2044 573 2102 age,
584 2035 670 2100 gives
682 2030 851 2101 himselfolt
864 2044 895 2085 to

180 2128 184 2137 ‘
334 2132 532 2202 irregularity
545 2133 607 2185 ond
616 2132 748 2202 idolotry.
842 2120 846 2124 ’

190 2270 305 2357 Posteal
325 2270 474 2335 Salomon
495 2273 649 2357 voluptati
670 2294 704 2336 se
719 2275 833 2337 dedit:
856 2270 936 2335 nihil

35 2394 36 2399 ’
145 2379 243 2465 porro
257 2395 322 2443 tam
337 2378 503 2445 inimicum
516 2397 565 2446 est
578 2383 688 2446 virtuti
709 2403 805 2465 quam
819 2382 936 2465 volup-

144 2505 214 2561 tas3
237 2487 343 2571 itaque
358 2488 465 2552 amisit
478 2490 675 2574 sapientiam

188 2592 346 2657 Mulieres
361 2606 487 2674 exterae,
501 2618 581 2682 quas
592 2596 763 2675 adamavit,
777 2617 856 2660 enm
864 2597 970 2683 jam
968 2539 970 2654 i

143 2718 253 2761 senem
267 2699 309 2763 ad
323 2700 402 2765 ritus
416 2704 549 2787 gentiles
564 2685 794 2787 pertraxerunt.

187 2804 311 2885 Quibus
322 2810 416 2877 rebus
424 2812 564 2879 offensos
576 2812 676 2895 Deus,
686 2834 809 2899 pomam
818 2814 869 2878 illi
879 2814 937 2878 de
