<?xml version="1.0" encoding="UTF-8"?>
<!DOCTYPE html PUBLIC "-//W3C//DTD XHTML 1.0 Transitional//EN"
    "http://www.w3.org/TR/xhtml1/DTD/xhtml1-transitional.dtd">
<html xmlns="http://www.w3.org/1999/xhtml" xml:lang="en" lang="en">
 <head>
  <title>
</title>
<meta http-equiv="Content-Type" content="text/html;charset=utf-8" />
  <meta name='ocr-system' content='tesseract 3.04.00' />
  <meta name='ocr-capabilities' content='ocr_page ocr_carea ocr_par ocr_line ocrx_word'/>
</head>
<body>
  <div class='ocr_page' id='page_1' title='image "./epitomehistoris01lhomgoog_0140.png"; bbox 0 0 1967 3267; ppageno 0'>
   <div class='ocr_carea' id='block_1_1' title="bbox 466 300 568 421">
    <p class='ocr_par' dir='ltr' id='par_1_1' title="bbox 466 300 568 421">
     <span class='ocr_line' id='line_1_1' title="bbox 466 300 568 421; baseline 0 -54"><span class='ocrx_word' id='word_1_1' title='bbox 466 402 474 421; x_wconf 39' lang='grc' dir='ltr'><em>Ι</em></span> <span class='ocrx_word' id='word_1_2' title='bbox 499 300 568 367; x_wconf 82' lang='lat' dir='ltr'><strong>13t</strong></span> 
     </span>
    </p>
   </div>
   <div class='ocr_carea' id='block_1_2' title="bbox 155 491 919 576">
    <p class='ocr_par' dir='ltr' id='par_1_2' title="bbox 155 491 919 576">
     <span class='ocr_line' id='line_1_2' title="bbox 155 491 919 576; baseline 0.01 -17"><span class='ocrx_word' id='word_1_3' title='bbox 155 505 216 562; x_wconf 81' lang='lat' dir='ltr'><strong>The</strong></span> <span class='ocrx_word' id='word_1_4' title='bbox 228 506 341 576; x_wconf 78' lang='lat' dir='ltr'><em>victory</em></span> <span class='ocrx_word' id='word_1_5' title='bbox 355 504 494 576; x_wconf 72' lang='lat' dir='ltr'><strong>osJudas</strong></span> <span class='ocrx_word' id='word_1_6' title='bbox 506 491 679 564; x_wconf 75' lang='lat' dir='ltr'><strong>Maccabeut</strong></span> <span class='ocrx_word' id='word_1_7' title='bbox 692 524 767 565; x_wconf 80' lang='lat' dir='ltr'><strong>over</strong></span> <span class='ocrx_word' id='word_1_8' title='bbox 775 507 919 568; x_wconf 71' lang='lat' dir='ltr'><strong>Nicanor,</strong></span> 
     </span>
    </p>
   </div>
   <div class='ocr_carea' id='block_1_3' title="bbox 54 650 977 2001">
    <p class='ocr_par' dir='ltr' id='par_1_3' title="bbox 54 650 926 1039">
     <span class='ocr_line' id='line_1_3' title="bbox 178 650 926 737; baseline 0.003 -22"><span class='ocrx_word' id='word_1_9' title='bbox 178 650 370 729; x_wconf 81' lang='lat' dir='ltr'>Antiochus,</span> <span class='ocrx_word' id='word_1_10' title='bbox 378 650 433 713; x_wconf 90' lang='lat' dir='ltr'><strong>ubi</strong></span> <span class='ocrx_word' id='word_1_11' title='bbox 442 650 569 715; x_wconf 86' lang='lat' dir='ltr'><strong>audivit</strong></span> <span class='ocrx_word' id='word_1_12' title='bbox 578 651 699 715; x_wconf 88' lang='lat' dir='ltr'><strong>victum</strong></span> <span class='ocrx_word' id='word_1_13' title='bbox 709 651 811 715; x_wconf 83' lang='lat' dir='ltr'><strong>fuisse</strong></span> <span class='ocrx_word' id='word_1_14' title='bbox 825 654 926 737; x_wconf 86' lang='lat' dir='ltr'><strong>Apol-</strong></span> 
     </span>
     <span class='ocr_line' id='line_1_4' title="bbox 131 757 924 846; baseline 0 -23"><span class='ocrx_word' id='word_1_15' title='bbox 131 760 263 837; x_wconf 87' lang='lat' dir='ltr'><strong>lonium,</strong></span> <span class='ocrx_word' id='word_1_16' title='bbox 278 759 325 821; x_wconf 72' lang='lat' dir='ltr'><strong>ira</strong></span> <span class='ocrx_word' id='word_1_17' title='bbox 338 757 475 821; x_wconf 80' lang='lat' dir='ltr'><strong>exarsit:</strong></span> <span class='ocrx_word' id='word_1_18' title='bbox 498 759 684 846; x_wconf 82' lang='lat' dir='ltr'><strong>mandatum</strong></span> <span class='ocrx_word' id='word_1_19' title='bbox 702 758 795 821; x_wconf 81' lang='lat' dir='ltr'><strong>dedit</strong></span> <span class='ocrx_word' id='word_1_20' title='bbox 817 762 924 844; x_wconf 78' lang='lat' dir='ltr'><strong>Lysia</strong></span> 
     </span>
     <span class='ocr_line' id='line_1_5' title="bbox 54 866 925 951; baseline 0.005 -22"><span class='ocrx_word' id='word_1_21' title='bbox 54 878 59 895; x_wconf 88' lang='grc'>·</span> <span class='ocrx_word' id='word_1_22' title='bbox 96 892 98 900; x_wconf 94' lang='grc'><strong><em>·</em></strong></span> <span class='ocrx_word' id='word_1_23' title='bbox 130 881 168 929; x_wconf 91' lang='lat' dir='ltr'><strong>ut</strong></span> <span class='ocrx_word' id='word_1_24' title='bbox 197 866 342 947; x_wconf 78' lang='lat' dir='ltr'><strong>Judaeam</strong></span> <span class='ocrx_word' id='word_1_25' title='bbox 361 878 510 946; x_wconf 82' lang='lat' dir='ltr'><strong>vastaret,</strong></span> <span class='ocrx_word' id='word_1_26' title='bbox 530 880 720 951; x_wconf 81' lang='lat' dir='ltr'><strong>gentemque</strong></span> <span class='ocrx_word' id='word_1_27' title='bbox 741 866 925 933; x_wconf 83' lang='lat' dir='ltr'><strong>universam</strong></span> 
     </span>
     <span class='ocr_line' id='line_1_6' title="bbox 130 953 770 1039; baseline -0.002 0"><span class='ocrx_word' id='word_1_28' title='bbox 130 973 263 1039; x_wconf 83' lang='lat' dir='ltr'><strong>deleret.</strong></span> <span class='ocrx_word' id='word_1_29' title='bbox 767 953 770 962; x_wconf 36' lang='lat'><strong>¹</strong></span> 
     </span>
    </p>

    <p class='ocr_par' dir='ltr' id='par_1_4' title="bbox 117 1080 921 1485">
     <span class='ocr_line' id='line_1_7' title="bbox 169 1080 921 1163; baseline 0.005 -20"><span class='ocrx_word' id='word_1_30' title='bbox 169 1080 288 1163; x_wconf 78' lang='lat' dir='ltr'><strong>Lysias</strong></span> <span class='ocrx_word' id='word_1_31' title='bbox 303 1080 457 1145; x_wconf 73' lang='lat' dir='ltr'><strong>adversim</strong></span> <span class='ocrx_word' id='word_1_32' title='bbox 474 1081 600 1162; x_wconf 83' lang='lat' dir='ltr'><strong>Judaeos</strong></span> <span class='ocrx_word' id='word_1_33' title='bbox 620 1081 710 1147; x_wconf 84' lang='lat' dir='ltr'><strong>misit</strong></span> <span class='ocrx_word' id='word_1_34' title='bbox 726 1082 921 1147; x_wconf 80' lang='lat' dir='ltr'><strong>Nicanorem</strong></span> 
     </span>
     <span class='ocr_line' id='line_1_8' title="bbox 128 1187 920 1275; baseline 0.006 -26"><span class='ocrx_word' id='word_1_35' title='bbox 128 1199 162 1249; x_wconf 85' lang='lat' dir='ltr'><strong>et</strong></span> <span class='ocrx_word' id='word_1_36' title='bbox 189 1188 356 1271; x_wconf 86' lang='lat' dir='ltr'><strong>Gorgiam,</strong></span> <span class='ocrx_word' id='word_1_37' title='bbox 378 1187 494 1270; x_wconf 85' lang='lat' dir='ltr'><strong>quibus</strong></span> <span class='ocrx_word' id='word_1_38' title='bbox 519 1188 610 1251; x_wconf 83' lang='lat' dir='ltr'><strong>dedit</strong></span> <span class='ocrx_word' id='word_1_39' title='bbox 635 1190 847 1273; x_wconf 78' lang='lat' dir='ltr'><strong>quadraginta</strong></span> <span class='ocrx_word' id='word_1_40' title='bbox 868 1213 920 1275; x_wconf 89' lang='lat' dir='ltr'><strong>pe-</strong></span> 
     </span>
     <span class='ocr_line' id='line_1_9' title="bbox 125 1292 920 1377; baseline 0.003 -20"><span class='ocrx_word' id='word_1_41' title='bbox 125 1292 231 1358; x_wconf 88' lang='lat' dir='ltr'><strong>ditum</strong></span> <span class='ocrx_word' id='word_1_42' title='bbox 251 1308 284 1357; x_wconf 91' lang='lat' dir='ltr'><strong>et</strong></span> <span class='ocrx_word' id='word_1_43' title='bbox 303 1308 426 1377; x_wconf 81' lang='lat' dir='ltr'><strong>septem</strong></span> <span class='ocrx_word' id='word_1_44' title='bbox 447 1294 593 1375; x_wconf 87' lang='lat' dir='ltr'><strong>equitum</strong></span> <span class='ocrx_word' id='word_1_45' title='bbox 614 1294 737 1359; x_wconf 88' lang='lat' dir='ltr'><strong>millia:</strong></span> <span class='ocrx_word' id='word_1_46' title='bbox 759 1296 793 1357; x_wconf 92' lang='lat' dir='ltr'><strong>hi</strong></span> <span class='ocrx_word' id='word_1_47' title='bbox 817 1310 920 1359; x_wconf 83' lang='lat' dir='ltr'><strong>castra</strong></span> 
     </span>
     <span class='ocr_line' id='line_1_10' title="bbox 117 1396 892 1485; baseline 0.001 -23"><span class='ocrx_word' id='word_1_48' title='bbox 117 1413 301 1485; x_wconf 74' lang='lat' dir='ltr'><strong>Jtosuetunt</strong></span> <span class='ocrx_word' id='word_1_49' title='bbox 313 1420 377 1463; x_wconf 90' lang='lat' dir='ltr'><strong>non</strong></span> <span class='ocrx_word' id='word_1_50' title='bbox 391 1396 485 1484; x_wconf 72' lang='lat' dir='ltr'><strong>longe</strong></span> <span class='ocrx_word' id='word_1_51' title='bbox 501 1399 542 1462; x_wconf 92' lang='lat' dir='ltr'><strong>ab</strong></span> <span class='ocrx_word' id='word_1_52' title='bbox 556 1400 634 1463; x_wconf 91' lang='lat' dir='ltr'><strong>urbe</strong></span> <span class='ocrx_word' id='word_1_53' title='bbox 651 1400 892 1485; x_wconf 72' lang='lat' dir='ltr'><strong>Hierosolymis.</strong></span> 
     </span>
    </p>

    <p class='ocr_par' dir='ltr' id='par_1_5' title="bbox 119 1506 977 2001">
     <span class='ocr_line' id='line_1_11' title="bbox 170 1506 976 1593; baseline 0 -22"><span class='ocrx_word' id='word_1_54' title='bbox 170 1508 283 1590; x_wconf 86' lang='lat' dir='ltr'><strong>Judas,</strong></span> <span class='ocrx_word' id='word_1_55' title='bbox 294 1506 385 1593; x_wconf 88' lang='lat' dir='ltr'><strong>cujus</strong></span> <span class='ocrx_word' id='word_1_56' title='bbox 397 1528 469 1593; x_wconf 87' lang='lat' dir='ltr'><strong>spes</strong></span> <span class='ocrx_word' id='word_1_57' title='bbox 480 1507 585 1570; x_wconf 88' lang='lat' dir='ltr'><strong>omnis</strong></span> <span class='ocrx_word' id='word_1_58' title='bbox 597 1507 629 1571; x_wconf 89' lang='lat' dir='ltr'><strong>in</strong></span> <span class='ocrx_word' id='word_1_59' title='bbox 641 1508 713 1571; x_wconf 90' lang='lat' dir='ltr'><strong>Deo</strong></span> <span class='ocrx_word' id='word_1_60' title='bbox 728 1508 833 1592; x_wconf 84' lang='lat' dir='ltr'><strong>posita</strong></span> <span class='ocrx_word' id='word_1_61' title='bbox 841 1522 920 1587; x_wconf 75' lang='lat' dir='ltr'><strong>erat,</strong></span> <span class='ocrx_word' id='word_1_62' title='bbox 975 1569 976 1580; x_wconf 67' lang='grc'>,</span> 
     </span>
     <span class='ocr_line' id='line_1_12' title="bbox 123 1601 977 1721; baseline 0 -41"><span class='ocrx_word' id='word_1_63' title='bbox 123 1636 189 1681; x_wconf 88' lang='lat' dir='ltr'><strong>non</strong></span> <span class='ocrx_word' id='word_1_64' title='bbox 205 1616 365 1679; x_wconf 86' lang='lat' dir='ltr'><strong>dubitavit</strong></span> <span class='ocrx_word' id='word_1_65' title='bbox 384 1636 458 1679; x_wconf 89' lang='lat' dir='ltr'><strong>cum</strong></span> <span class='ocrx_word' id='word_1_66' title='bbox 478 1615 579 1677; x_wconf 84' lang='lat' dir='ltr'><strong>tribus</strong></span> <span class='ocrx_word' id='word_1_67' title='bbox 593 1608 762 1678; x_wconf 75' lang='lat' dir='ltr'><strong>hdminm&#39;n</strong></span> <span class='ocrx_word' id='word_1_68' title='bbox 776 1617 919 1680; x_wconf 86' lang='lat' dir='ltr'><strong>millibus</strong></span> <span class='ocrx_word' id='word_1_69' title='bbox 974 1601 977 1721; x_wconf 42' lang='grc' dir='ltr'><strong><em>ἑ</em></strong></span> 
     </span>
     <span class='ocr_line' id='line_1_13' title="bbox 123 1722 975 1814; baseline 0.004 -29"><span class='ocrx_word' id='word_1_70' title='bbox 123 1723 267 1808; x_wconf 74' lang='lat' dir='ltr'><strong>pralium</strong></span> <span class='ocrx_word' id='word_1_71' title='bbox 282 1722 494 1785; x_wconf 81' lang='lat' dir='ltr'><strong>committere.</strong></span> <span class='ocrx_word' id='word_1_72' title='bbox 523 1722 607 1784; x_wconf 84' lang='lat' dir='ltr'><strong>Tam</strong></span> <span class='ocrx_word' id='word_1_73' title='bbox 622 1723 738 1806; x_wconf 73' lang='lat' dir='ltr'><strong>exigua</strong></span> <span class='ocrx_word' id='word_1_74' title='bbox 752 1745 851 1786; x_wconf 90' lang='lat' dir='ltr'><strong>manu</strong></span> <span class='ocrx_word' id='word_1_75' title='bbox 867 1746 920 1787; x_wconf 87' lang='lat' dir='ltr'><strong>eo·</strong></span> <span class='ocrx_word' id='word_1_76' title='bbox 973 1773 975 1814; x_wconf 66' lang='grc' dir='ltr'>Ι</span> 
     </span>
     <span class='ocr_line' id='line_1_14' title="bbox 119 1828 974 1916; baseline 0 -22"><span class='ocrx_word' id='word_1_77' title='bbox 119 1830 189 1915; x_wconf 86' lang='lat' dir='ltr'><strong>pias</strong></span> <span class='ocrx_word' id='word_1_78' title='bbox 211 1829 315 1915; x_wconf 86' lang='lat' dir='ltr'><strong>regias</strong></span> <span class='ocrx_word' id='word_1_79' title='bbox 330 1828 511 1915; x_wconf 85' lang='lat' dir='ltr'><strong>prostravit,</strong></span> <span class='ocrx_word' id='word_1_80' title='bbox 525 1844 558 1893; x_wconf 88' lang='lat' dir='ltr'><strong>et</strong></span> <span class='ocrx_word' id='word_1_81' title='bbox 572 1829 691 1914; x_wconf 84' lang='lat' dir='ltr'><strong>ingenti</strong></span> <span class='ocrx_word' id='word_1_82' title='bbox 707 1831 815 1915; x_wconf 69' lang='lat' dir='ltr'><strong>praeda</strong></span> <span class='ocrx_word' id='word_1_83' title='bbox 829 1832 916 1916; x_wconf 77' lang='lat' dir='ltr'><strong>poti-</strong></span> <span class='ocrx_word' id='word_1_84' title='bbox 972 1853 974 1911; x_wconf 52' lang='grc' dir='ltr'><strong>ᾗ</strong></span> 
     </span>
     <span class='ocr_line' id='line_1_15' title="bbox 119 1951 272 2001; baseline -0.007 0"><span class='ocrx_word' id='word_1_85' title='bbox 119 1954 171 2001; x_wconf 88' lang='lat' dir='ltr'><strong>tus</strong></span> <span class='ocrx_word' id='word_1_86' title='bbox 188 1951 272 2001; x_wconf 59' lang='lat' dir='ltr'><strong>estu</strong></span> 
     </span>
    </p>
   </div>
   <div class='ocr_carea' id='block_1_4' title="bbox 276 2120 971 2387">
    <p class='ocr_par' dir='ltr' id='par_1_6' title="bbox 276 2120 971 2387">
     <span class='ocr_line' id='line_1_16' title="bbox 276 2120 971 2220; baseline -0.007 -19"><span class='ocrx_word' id='word_1_87' title='bbox 276 2144 385 2219; x_wconf 71' lang='lat' dir='ltr'><strong>Lysias</strong></span> <span class='ocrx_word' id='word_1_88' title='bbox 399 2120 579 2219; x_wconf 63' lang='lat' dir='ltr'><strong>nanquishtd</strong></span> <span class='ocrx_word' id='word_1_89' title='bbox 592 2149 628 2220; x_wconf 73' lang='lat' dir='ltr'><strong>ty</strong></span> <span class='ocrx_word' id='word_1_90' title='bbox 641 2147 748 2203; x_wconf 73' lang='lat' dir='ltr'><strong>Judas.</strong></span> <span class='ocrx_word' id='word_1_91' title='bbox 847 2129 851 2133; x_wconf 36' lang='lat'>⁵</span> <span class='ocrx_word' id='word_1_92' title='bbox 969 2125 971 2196; x_wconf 67' lang='lat' dir='ltr'><strong>i</strong></span> 
     </span>
     <span class='ocr_line' id='line_1_17' title="bbox 968 2249 970 2290; baseline 0 0"><span class='ocrx_word' id='word_1_93' title='bbox 968 2249 970 2290; x_wconf 95' lang='grc' dir='ltr'>Ι</span> 
     </span>
     <span class='ocr_line' id='line_1_18' title="bbox 967 2309 969 2387; baseline 0 0"><span class='ocrx_word' id='word_1_94' title='bbox 967 2309 969 2387; x_wconf 65' lang='lat' dir='ltr'><strong>i</strong></span> 
     </span>
    </p>
   </div>
   <div class='ocr_carea' id='block_1_5' title="bbox 110 2290 919 2591">
    <p class='ocr_par' dir='ltr' id='par_1_7' title="bbox 110 2290 919 2591">
     <span class='ocr_line' id='line_1_19' title="bbox 159 2290 917 2376; baseline 0.005 -22"><span class='ocrx_word' id='word_1_95' title='bbox 159 2290 237 2357; x_wconf 82' lang='lat' dir='ltr'><strong>Haec</strong></span> <span class='ocrx_word' id='word_1_96' title='bbox 252 2291 359 2355; x_wconf 84' lang='lat' dir='ltr'><strong>clades</strong></span> <span class='ocrx_word' id='word_1_97' title='bbox 373 2292 521 2355; x_wconf 82' lang='lat' dir='ltr'><strong>nunciata</strong></span> <span class='ocrx_word' id='word_1_98' title='bbox 535 2307 584 2355; x_wconf 85' lang='lat' dir='ltr'><strong>est</strong></span> <span class='ocrx_word' id='word_1_99' title='bbox 599 2292 715 2376; x_wconf 79' lang='lat' dir='ltr'><strong>Lyaiae,</strong></span> <span class='ocrx_word' id='word_1_100' title='bbox 730 2292 785 2375; x_wconf 92' lang='lat' dir='ltr'><strong>qui</strong></span> <span class='ocrx_word' id='word_1_101' title='bbox 801 2293 917 2357; x_wconf 83' lang='lat' dir='ltr'><strong>existi·</strong></span> 
     </span>
     <span class='ocr_line' id='line_1_20' title="bbox 112 2398 919 2484; baseline -0.002 -19"><span class='ocrx_word' id='word_1_102' title='bbox 112 2420 203 2465; x_wconf 86' lang='lat' dir='ltr'><strong>mans</strong></span> <span class='ocrx_word' id='word_1_103' title='bbox 219 2400 254 2463; x_wconf 89' lang='lat' dir='ltr'><strong>id</strong></span> <span class='ocrx_word' id='word_1_104' title='bbox 269 2400 362 2484; x_wconf 74' lang='lat' dir='ltr'><strong>culpi</strong></span> <span class='ocrx_word' id='word_1_105' title='bbox 377 2398 605 2484; x_wconf 86' lang='lat' dir='ltr'><strong>imperatorum</strong></span> <span class='ocrx_word' id='word_1_106' title='bbox 620 2398 785 2476; x_wconf 85' lang='lat' dir='ltr'><strong>accidisse,</strong></span> <span class='ocrx_word' id='word_1_107' title='bbox 801 2399 919 2463; x_wconf 85' lang='lat' dir='ltr'><strong>statuit</strong></span> 
     </span>
     <span class='ocr_line' id='line_1_21' title="bbox 110 2503 917 2591; baseline -0.001 -22"><span class='ocrx_word' id='word_1_108' title='bbox 110 2508 179 2591; x_wconf 87' lang='lat' dir='ltr'><strong>ipse</strong></span> <span class='ocrx_word' id='word_1_109' title='bbox 196 2506 372 2571; x_wconf 86' lang='lat' dir='ltr'><strong>exercitum</strong></span> <span class='ocrx_word' id='word_1_110' title='bbox 392 2504 521 2569; x_wconf 82' lang='lat' dir='ltr'><strong>ducere.</strong></span> <span class='ocrx_word' id='word_1_111' title='bbox 565 2504 664 2569; x_wconf 87' lang='lat' dir='ltr'><strong>Venit</strong></span> <span class='ocrx_word' id='word_1_112' title='bbox 684 2503 784 2587; x_wconf 87' lang='lat' dir='ltr'><strong>igitur</strong></span> <span class='ocrx_word' id='word_1_113' title='bbox 799 2503 834 2566; x_wconf 88' lang='lat' dir='ltr'><strong>in</strong></span> <span class='ocrx_word' id='word_1_114' title='bbox 854 2508 917 2586; x_wconf 88' lang='lat' dir='ltr'><strong>Ju-</strong></span> 
     </span>
    </p>
   </div>
   <div class='ocr_carea' id='block_1_6' title="bbox 110 2610 918 2784">
    <p class='ocr_par' dir='ltr' id='par_1_8' title="bbox 110 2610 918 2784">
     <span class='ocr_line' id='line_1_22' title="bbox 111 2610 918 2698; baseline -0.002 -21"><span class='ocrx_word' id='word_1_115' title='bbox 111 2615 212 2678; x_wconf 83' lang='lat' dir='ltr'><strong>daeam</strong></span> <span class='ocrx_word' id='word_1_116' title='bbox 227 2636 302 2679; x_wconf 90' lang='lat' dir='ltr'><strong>cum</strong></span> <span class='ocrx_word' id='word_1_117' title='bbox 317 2613 482 2698; x_wconf 81' lang='lat' dir='ltr'><strong>sexaginta</strong></span> <span class='ocrx_word' id='word_1_118' title='bbox 499 2614 639 2698; x_wconf 88' lang='lat' dir='ltr'><strong>quinque</strong></span> <span class='ocrx_word' id='word_1_119' title='bbox 654 2610 821 2675; x_wconf 88' lang='lat' dir='ltr'><strong>hominum</strong></span> <span class='ocrx_word' id='word_1_120' title='bbox 838 2612 918 2675; x_wconf 89' lang='lat' dir='ltr'><strong>mil·</strong></span> 
     </span>
     <span class='ocr_line' id='line_1_23' title="bbox 110 2720 205 2784; baseline 0.021 -2"><span class='ocrx_word' id='word_1_121' title='bbox 110 2720 205 2784; x_wconf 86' lang='lat' dir='ltr'><strong>libus.</strong></span> 
     </span>
    </p>
   </div>
   <div class='ocr_carea' id='block_1_7' title="bbox 151 2827 917 2914">
    <p class='ocr_par' dir='ltr' id='par_1_9' title="bbox 151 2827 917 2914">
     <span class='ocr_line' id='line_1_24' title="bbox 151 2827 917 2914; baseline 0.004 -21"><span class='ocrx_word' id='word_1_122' title='bbox 151 2828 302 2897; x_wconf 86' lang='lat' dir='ltr'><strong>Habebat</strong></span> <span class='ocrx_word' id='word_1_123' title='bbox 313 2830 333 2914; x_wconf 91' lang='lat' dir='ltr'>J</span> <span class='ocrx_word' id='word_1_124' title='bbox 335 2830 414 2898; x_wconf 84' lang='lat' dir='ltr'><strong>udas</strong></span> <span class='ocrx_word' id='word_1_125' title='bbox 425 2830 538 2897; x_wconf 87' lang='lat' dir='ltr'><strong>decem</strong></span> <span class='ocrx_word' id='word_1_126' title='bbox 553 2830 678 2900; x_wconf 76' lang='lat' dir='ltr'><strong>ttnttm·</strong></span> <span class='ocrx_word' id='word_1_127' title='bbox 689 2827 791 2899; x_wconf 72' lang='lat' dir='ltr'><strong>millia</strong></span> <span class='ocrx_word' id='word_1_128' title='bbox 801 2827 917 2909; x_wconf 73' lang='lat' dir='ltr'><strong>homi·</strong></span> 
     </span>
    </p>
   </div>
   <div class='ocr_carea' id='block_1_8' title="bbox 0 0 988 3267">
    <p class='ocr_par' dir='ltr' id='par_1_10' title="bbox 0 0 988 3267">
     <span class='ocr_line' id='line_1_25' title="bbox 0 0 988 3267; baseline 0 4"><span class='ocrx_word' id='word_1_129' title='bbox 0 0 988 3267; x_wconf 95' lang='lat' dir='ltr'><strong> </strong></span> 
     </span>
    </p>
   </div>
  </div>
 </body>
</html>
